@inproceedings{gaussTheoriaMotusCorporum1981,
  title = {{Theoria Motus Corporum Coelestium}},
  author = {Gauss, Carolo Friederico},
  year = {1981},
  publisher = {{Springer Berlin Heidelberg}},
  address = {{Berlin, Heidelberg}},
  doi = {10.1007/978-3-642-92478-1},
  urldate = {2023-09-30},
  abstract = {Semantic Scholar extracted view of "Theoria motus corporum coelestium" by Carl Friedrich Gauss},
  isbn = {978-3-642-92479-8 978-3-642-92478-1},
  langid = {ngerman},
  file = {E:\zotero\storage\2YQ5K9GN\Gauss_1981_Theoria Motus Corporum Coelestium.pdf}
}

@book{legendreNouvellesMethodesPour1805,
  title = {Nouvelles M\'ethodes Pour La D\'etermination Des Orbites Des Com\`etes},
  author = {Legendre, A. M.},
  year = {an 13, 1805.},
  publisher = {{F. Didot,}},
  address = {{Paris :}}
}
